[gd_scene load_steps=35 format=2]

[ext_resource path="res://Assets/robotplayer/Idle (9).png" type="Texture" id=1]
[ext_resource path="res://Assets/robotplayer/Idle (6).png" type="Texture" id=2]
[ext_resource path="res://Assets/robotplayer/Idle (7).png" type="Texture" id=3]
[ext_resource path="res://Assets/robotplayer/Idle (2).png" type="Texture" id=4]
[ext_resource path="res://Assets/robotplayer/Idle (3).png" type="Texture" id=5]
[ext_resource path="res://Assets/robotplayer/Idle (4).png" type="Texture" id=6]
[ext_resource path="res://Assets/robotplayer/Idle (8).png" type="Texture" id=7]
[ext_resource path="res://Assets/robotplayer/Idle (5).png" type="Texture" id=8]
[ext_resource path="res://Assets/robotplayer/Idle (1).png" type="Texture" id=9]
[ext_resource path="res://Assets/robotplayer/Dead (6).png" type="Texture" id=10]
[ext_resource path="res://Assets/robotplayer/Dead (4).png" type="Texture" id=11]
[ext_resource path="res://Assets/robotplayer/Dead (8).png" type="Texture" id=12]
[ext_resource path="res://Assets/robotplayer/Dead (9).png" type="Texture" id=13]
[ext_resource path="res://Assets/robotplayer/Dead (5).png" type="Texture" id=14]
[ext_resource path="res://Assets/robotplayer/Shoot (2).png" type="Texture" id=15]
[ext_resource path="res://Assets/robotplayer/Shoot (4).png" type="Texture" id=16]
[ext_resource path="res://Assets/robotplayer/Shoot (3).png" type="Texture" id=17]
[ext_resource path="res://Assets/robotplayer/Dead (1).png" type="Texture" id=18]
[ext_resource path="res://Assets/robotplayer/Dead (3).png" type="Texture" id=19]
[ext_resource path="res://Assets/robotplayer/Dead (2).png" type="Texture" id=20]
[ext_resource path="res://Assets/robotplayer/Dead (7).png" type="Texture" id=21]
[ext_resource path="res://Assets/robotplayer/Dead (10).png" type="Texture" id=22]
[ext_resource path="res://Assets/robotplayer/Shoot (1).png" type="Texture" id=23]
[ext_resource path="res://Entities/Enemy/Robot.gd" type="Script" id=24]
[ext_resource path="res://Assets/robotplayer/Run (5).png" type="Texture" id=25]
[ext_resource path="res://Assets/robotplayer/Run (2).png" type="Texture" id=26]
[ext_resource path="res://Assets/robotplayer/Run (3).png" type="Texture" id=27]
[ext_resource path="res://Assets/robotplayer/Run (6).png" type="Texture" id=28]
[ext_resource path="res://Assets/robotplayer/Run (4).png" type="Texture" id=29]
[ext_resource path="res://Assets/robotplayer/Run (1).png" type="Texture" id=30]
[ext_resource path="res://Assets/robotplayer/Run (7).png" type="Texture" id=31]
[ext_resource path="res://Assets/robotplayer/Run (8).png" type="Texture" id=32]

[sub_resource type="SpriteFrames" id=1]
animations = [ {
"frames": [ ExtResource( 18 ), ExtResource( 20 ), ExtResource( 19 ), ExtResource( 11 ), ExtResource( 14 ), ExtResource( 10 ), ExtResource( 21 ), ExtResource( 12 ), ExtResource( 13 ), ExtResource( 22 ) ],
"loop": true,
"name": "dead",
"speed": 15.0
}, {
"frames": [ ExtResource( 9 ), ExtResource( 4 ), ExtResource( 5 ), ExtResource( 6 ), ExtResource( 8 ), ExtResource( 2 ), ExtResource( 3 ), ExtResource( 7 ), ExtResource( 1 ) ],
"loop": true,
"name": "idle",
"speed": 20.0
}, {
"frames": [ ExtResource( 30 ), ExtResource( 26 ), ExtResource( 27 ), ExtResource( 29 ), ExtResource( 25 ), ExtResource( 28 ), ExtResource( 31 ), ExtResource( 32 ) ],
"loop": true,
"name": "run",
"speed": 10.0
}, {
"frames": [ ExtResource( 23 ), ExtResource( 15 ), ExtResource( 17 ), ExtResource( 16 ) ],
"loop": true,
"name": "shoot",
"speed": 10.0
} ]

[sub_resource type="RectangleShape2D" id=2]
extents = Vector2( 113.456, 234.485 )

[node name="Robot" type="KinematicBody2D"]
scale = Vector2( 0.552396, 0.552396 )
script = ExtResource( 24 )

[node name="AnimatedSprite" type="AnimatedSprite" parent="."]
position = Vector2( -0.68811, -1.37628 )
frames = SubResource( 1 )
animation = "run"
frame = 6
playing = true

[node name="CollisionShape2D" type="CollisionShape2D" parent="." groups=[
"robotbody",
]]
position = Vector2( 0.112255, 6.31635 )
shape = SubResource( 2 )

[node name="Robot" type="Area2D" parent="." groups=[
"robotbody",
]]
visible = false

[node name="CollisionShape2D2" type="CollisionShape2D" parent="Robot"]
position = Vector2( 0.112255, 6.31634 )
shape = SubResource( 2 )
[connection signal="animation_finished" from="AnimatedSprite" to="." method="_on_AnimatedSprite_animation_finished"]
[connection signal="area_entered" from="Robot" to="." method="_on_Robot_area_entered"]
